@article{adrion2020community,
  title={A community-maintained standard library of population genetic models},
  author={Adrion, Jeffrey R and Cole, Christopher B and Dukler, Noah and Galloway, Jared G and Gladstein, Ariella L and Gower, Graham and Kyriazis, Christopher C and Ragsdale, Aaron P and Tsambos, Georgia and Baumdicker, Franz and others},
  journal={eLife},
  volume={9},
  pages={e54967},
  year={2020},
}
@article{ragsdale2020lessons,
  title={Lessons learned from bugs in models of human history},
  author={Ragsdale, Aaron P and Nelson, Dominic and Gravel, Simon and Kelleher, Jerome},
  journal={American Journal of Human Genetics},
  year={2020},
  volume={107},
  number={4},
  pages={583--588}
}
@article{thornton2014c++,
  title={A C++ template library for efficient forward-time population genetic simulation of large populations},
  author={Thornton, Kevin R},
  journal={Genetics},
  volume={198},
  number={1},
  pages={157--166},
  year={2014},
  publisher={Genetics Soc America}
}
@article{kelleher2016efficient,
  title={Efficient coalescent simulation and genealogical analysis for large sample sizes},
  author={Kelleher, Jerome and Etheridge, Alison M and McVean, Gilean},
  journal={PLoS computational biology},
  volume={12},
  number={5},
  pages={e1004842},
  year={2016},
  publisher={Public Library of Science San Francisco, CA USA}
}
@article{jouganous2017inferring,
  title={Inferring the joint demographic history of multiple populations: beyond the diffusion approximation},
  author={Jouganous, Julien and Long, Will and Ragsdale, Aaron P and Gravel, Simon},
  journal={Genetics},
  volume={206},
  number={3},
  pages={1549--1567},
  year={2017},
  publisher={Genetics Soc America}
}
@article{gutenkunst2009inferring,
  title={Inferring the joint demographic history of multiple populations from multidimensional SNP frequency data},
  author={Gutenkunst, Ryan N and Hernandez, Ryan D and Williamson, Scott H and Bustamante, Carlos D},
  journal={PLoS genetics},
  volume={5},
  number={10},
  pages={e1000695},
  year={2009},
  publisher={Public Library of Science}
}

